<?xml version="1.0" encoding="UTF-8"?><record xmlns="http://www.loc.gov/MARC21/slim" xmlns:cinclude="http://apache.org/cocoon/include/1.0" xmlns:zs="http://www.loc.gov/zing/srw/">
  <leader>01052cz  a2200289n  4500</leader>
  <controlfield tag="001">n  82103203 </controlfield>
  <controlfield tag="003">DLC</controlfield>
  <controlfield tag="005">20161011075334.0</controlfield>
  <controlfield tag="008">821206n| azannaabn          |a aaa      </controlfield>
  <datafield tag="010" ind1=" " ind2=" ">
    <subfield code="a">n  82103203 </subfield>
  </datafield>
  <datafield tag="035" ind1=" " ind2=" ">
    <subfield code="a">(OCoLC)oca00799759</subfield>
  </datafield>
  <datafield tag="040" ind1=" " ind2=" ">
    <subfield code="a">DLC</subfield>
    <subfield code="b">eng</subfield>
    <subfield code="e">rda</subfield>
    <subfield code="c">DLC</subfield>
    <subfield code="d">Uk</subfield>
    <subfield code="d">DLC</subfield>
    <subfield code="d">WaU</subfield>
    <subfield code="d">UPB</subfield>
  </datafield>
  <datafield tag="046" ind1=" " ind2=" ">
    <subfield code="f">0769</subfield>
    <subfield code="g">0840</subfield>
    <subfield code="2">edtf</subfield>
  </datafield>
  <datafield tag="100" ind1="0" ind2=" ">
    <subfield code="a">Agobard,</subfield>
    <subfield code="c">Saint,</subfield>
    <subfield code="d">769-840</subfield>
  </datafield>
  <datafield tag="368" ind1=" " ind2=" ">
    <subfield code="c">Saints</subfield>
    <subfield code="2">lcsh</subfield>
  </datafield>
  <datafield tag="370" ind1=" " ind2=" ">
    <subfield code="a">Spain</subfield>
    <subfield code="b">Lyon (France)</subfield>
    <subfield code="2">naf</subfield>
  </datafield>
  <datafield tag="374" ind1=" " ind2=" ">
    <subfield code="a">Bishops</subfield>
    <subfield code="2">lcsh</subfield>
  </datafield>
  <datafield tag="375" ind1=" " ind2=" ">
    <subfield code="a">male</subfield>
  </datafield>
  <datafield tag="377" ind1=" " ind2=" ">
    <subfield code="a">lat</subfield>
  </datafield>
  <datafield tag="400" ind1="0" ind2=" ">
    <subfield code="a">Agobard,</subfield>
    <subfield code="c">Archbishop of Lyons,</subfield>
    <subfield code="d">769-840</subfield>
  </datafield>
  <datafield tag="400" ind1="0" ind2=" ">
    <subfield code="w">nnaa</subfield>
    <subfield code="a">Agobard,</subfield>
    <subfield code="c">Saint, Abp. of Lyons,</subfield>
    <subfield code="d">d. 840</subfield>
  </datafield>
  <datafield tag="400" ind1="0" ind2=" ">
    <subfield code="a">Agobardus,</subfield>
    <subfield code="c">Lugdunensis, Saint,</subfield>
    <subfield code="d">769-840</subfield>
  </datafield>
  <datafield tag="400" ind1="0" ind2=" ">
    <subfield code="a">Aguebaud,</subfield>
    <subfield code="c">Saint,</subfield>
    <subfield code="d">769-840</subfield>
  </datafield>
  <datafield tag="670" ind1=" " ind2=" ">
    <subfield code="a">His Opera omnia, 1981:</subfield>
    <subfield code="b">t.p. (Agobardi Lugdunensis)</subfield>
  </datafield>
  <datafield tag="670" ind1=" " ind2=" ">
    <subfield code="a">Book of Saints, 1966</subfield>
    <subfield code="b">(Agobard (St.) Bp.; ca. 769-840)</subfield>
  </datafield>
  <datafield tag="670" ind1=" " ind2=" ">
    <subfield code="a">Holweck. Biog. dict. of Saints, 1924</subfield>
    <subfield code="b">(Agobard (Aguebaud) Archbp. of Lyons; b. ca. 769, d. 840)</subfield>
  </datafield>
  <datafield tag="670" ind1=" " ind2=" ">
    <subfield code="a">New Cath. enc., 1981</subfield>
    <subfield code="b">(Agobard of Lyons, archbishop; b. Spain, 769; d. Lyons, 840)</subfield>
  </datafield>
</record>